<?xml version="1.0" encoding="UTF-8"?><collection xmlns="http://www.loc.gov/MARC21/slim"><record><leader>00408nam--2200145-i-4500</leader><controlfield tag="001">000006132</controlfield><controlfield tag="002">20161230</controlfield><controlfield tag="005">20161230201026</controlfield><controlfield tag="008">060222s1000------------r-----000-0-eng-d</controlfield><datafield ind1=" " ind2=" " tag="100"><subfield code="a">Arscott, F.M., Khabaza, I.M</subfield></datafield><datafield ind1=" " ind2=" " tag="245"><subfield code="a">Tables of lame polynomials</subfield></datafield><datafield ind1=" " ind2=" " tag="260"><subfield code="a">London, Pergamon Press, 1962 Xxviii + Pag.Dif</subfield></datafield><datafield ind1=" " ind2=" " tag="490"><subfield code="a">Mathematical Tables Series</subfield></datafield><datafield ind1=" " ind2=" " tag="852"><subfield code="a">18010</subfield><subfield code="c">518.2</subfield></datafield><datafield ind1=" " ind2=" " tag="CAT"><subfield code="a">Sys</subfield><subfield code="c">20091006</subfield><subfield code="h">080018</subfield></datafield></record></collection>